@misc{exponential_ultrafilters_and_patterns_in_Ramsey_theory,
author = {Goswami, Sayan and Baglini, Lorenzo and Patra, Sourav},
year = {2023},
month = {Febuary},
pages = {1},
title = {Exponential Ultrafilters and Patterns in Ramsey Theory},
}
@article{fourth_schur_number,
author = {Golomb, Solomon W. and Baumert, Leonard D.},
title = {Backtrack Programming},
year = {1965},
publisher = {Association for Computing Machinery},
volume = {12},
number = {4},
issn = {0004-5411},
journal = {J. ACM},
month = {oct},
pages = {516–524},
numpages = {9}
}
@article{fidth_schur_number,
  author       = {Marijn J. H. Heule},
  title        = {Schur Number Five},
  journal      = {CoRR},
  volume       = {abs/1711.08076},
  year         = {2017},
}

@article{lower_bound_for_s6,
  author       = {Harold Fredricksen and Melvin M. Sweet},
  title        = {Symmetric Sum-Free Partitions and Lower Bouds for Schur Numbers},
  journal      = {electronic Journal of Combinatorics},
  volume       = {Volume 7 (2000)},
  year         = {2000},
}
@article{generalized_schur_numbers,
author = {Tanbir Ahmed and Daniel J. Schaal},
title = {On Generalized Schur Numbers},
journal = {Experimental Mathematics},
volume = {25},
number = {2},
pages = {213-218},
year = {2016},
publisher = {Taylor & Francis},
doi = {10.1080/10586458.2015.1070776},
URL = {https://doi.org/10.1080/10586458.2015.1070776},
eprint = {https://doi.org/10.1080/10586458.2015.1070776}
}

@article{van_der_waerden_lower_bound,
   title={A new lower bound for van der Waerden numbers},
   volume={69},
   ISSN={0195-6698},
   url={http://dx.doi.org/10.1016/j.ejc.2017.10.007},
   DOI={10.1016/j.ejc.2017.10.007},
   journal={European Journal of Combinatorics},
   publisher={Elsevier BV},
   author={Blankenship, Thomas and Cummings, Jay and Taranchuk, Vladislav},
   year={2018},
   month=mar, pages={163–168} }

@article{van_der_waerden_upper_bound,
   title={A new proof of Szemerédi's theorem},
   volume={11},
   journal={Geometric and Functional Analysis},
   publisher={Springer Link},
   author={W.T. Gowers},
   year={2001},
   pages={465-588}
}


@article{berlekamp_lower_bound,
  title={A Construction for Partitions Which Avoid Long Arithmetic Progressions},
  volume={11},
  DOI={10.4153/CMB-1968-047-7},
  number={3},
  journal={Canadian Mathematical Bulletin},
  author={Berlekamp, E.R.},
  year={1968},
  pages={409–414}
}

@Misc{fg_and_rt,
    language = {eng},
    title = {Mini-course in Finite Geometry and Ramsey Theory},
    year = {2021},
    author = {Anurag Bishnoi},
    note = {Avalible at {\small \url{https://anuragbishnoi.wordpress.com/wp-content/uploads/2021/01/minicourse.pdf}}},
}

@article{R3t,
  title={The Ramsey Number $R(3, t)$ has Order of Magnitude $t^2 / \log(t)$},
  volume={7},
  DOI={10.1002/rsa.3240070302},
  issue={3},
  journal={Random Structures and Algorithms},
  author={Jeong Han Kim},
  year={1995},
  pages={173-207}}
}

@article{berlekamp_proof,
      title={Lower Bounds on the van der Waerden Numbers: Randomized- and Deterministic-Constructive},
      author={William Gasarch and Bernhard Haeupler},
      year={2011},
      eprint={1005.3749},
      archivePrefix={arXiv},
      primaryClass={math.CO}
}

@article{small_values,
      title={Small Ramsey Numbers},
      author={Stanislaw P. Radziszowski},
      year={2021},
      journal={The Electronic Journal of Combinatorics},
}
