@Book{rtoi,
    isbn = {0-8218-3199-2},
    issn = {1520-9121},
    language = {eng},
    publisher = {American Mathematical Society},
    series = {Student Mathematical Library},
    title = {Ramsey Theory on the integers},
    author = {Brouce M. Landman and Aaron Robertson},
    year      = {2003},
    edition = {1st},
}

@Book{emogrt,
    issn = {2196-968X},
    isbn = {978-3-031-12762-5},
    language = {eng},
    publisher = {Springer},
    series = {Applied Mathematical Sciences},
    title = {Elementary Methods of Graph Ramsey Theory},
    author = {Yusheng Li and Quizhong Lin},
    year      = {2022},
    edition = {1st},
}

@Book{rt,
    isbn = {0-471-05997-8},
    language = {eng},
    publisher = {John Wiley and Sons},
    series = {Wiley-Interscience Series in Discrete Mathematics},
    title = {Ramsey Theory},
    author = {Ronald L. Graham and Bruce L. Rothschild and Joel H. Spencer},
    year      = {1980},
    edition = {1st},
}

@Book{graph_theory,
    isbn = {978-1-84628-969-9},
    issn = {0072-5285},
    language = {eng},
    publisher = {Springer},
    series = {Graduate Texts in Mathematics},
    title = {Graph Theory},
    author = {J.A. Bondy and U.S.R. Murty},
    year      = {2008},
    edition = {1st},
}

@Book{alg_lauritzen,
    isbn = {9780521534109},
    language = {eng},
    publisher = {Cambridge University Press},
    title = {Concrete Abstract Algebra: From Numbers to Gröbner Bases},
    year = {2003},
    author = {Niels Lauritzen},
    copyright = {Cambridge University Press 2003},
    Edition = {1st},
}

@Book{proofs_from_the_book,
    isbn = {9783662572641},
    language = {eng},
    publisher = {Springer},
    title = {Proofs from THE BOOK},
    year = {2018},
    author = {Martin Aigner and Günter M. Ziegler},
    copyright = {Springer-Verlag-GmbH Germany},
    Edition = {6st},
}
